%% This BibTeX bibliography file was created using BibDesk.
%% http://bibdesk.sourceforge.net/

%% Saved with string encoding Unicode (UTF-8) 

#revisão bibliográfica
#-------

@article{watkins1993if,
  title={If all we knew about women was what we read in Demography, what would we know?},
  author={Watkins, Susan Cotts},
  journal={Demography},
  volume={30},
  pages={551--577},
  year={1993},
  publisher={Springer}
}

@article{greene2000absent,
  title={Absent and problematic men: Demographic accounts of male reproductive roles},
  author={Greene, Margaret E and Biddlecom, Ann E},
  journal={Population and development review},
  volume={26},
  number={1},
  pages={81--115},
  year={2000},
  publisher={Wiley Online Library}
}

@article{jorge2007quality,
  title={Quality analysis of Brazilian vital statistics: the experience of implementing the SIM and SINASC systems},
  author={Jorge, Maria Helena Prado deMello and Laurenti, Ruy and Gotlieb, Sabina L{\'e}a Davidson},
  journal={Ci{\^e}ncia \& Sa{\'u}de Coletiva},
  volume={12},
  number={3},
  pages={643},
  year={2007},
  publisher={Associa{\c{c}}{\~a}o Brasileira de Sa{\'u}de Coletiva}
}


@article{goldscheider1996fertility,
  title={Fertility and commitment: Bringing men back in},
  author={Goldscheider, Frances K and Kaufman, Gayle},
  journal={Population and Development Review},
  volume={22},
  pages={87--99},
  year={1996},
  publisher={JSTOR}
}

@article{chung1994cycles,
  title={Cycles in the two-sex problem: an investigation of a nonlinear demographic model},
  author={Chung, Robert},
  journal={Mathematical population studies},
  volume={5},
  number={1},
  pages={45--73},
  year={1994},
  publisher={Taylor \& Francis}
}

@article{andreev2013demographic,
  title={Demographic components of future population growth},
  author={Andreev, Kirill and Kantorov{\'a}, Vladim{\'\i}ra and Bongaarts, John},
  journal={Population Division Technical Paper},
  volume={3},
  year={2013}
}


@article{bongaarts2003completing,
  title={Completing the fertility transition in the developing world: The role of educational differences and fertility preferences},
  author={Bongaarts, John},
  journal={Population Studies},
  volume={57},
  number={3},
  pages={321--335},
  year={2003},
  publisher={Taylor \& Francis}
}

@article{daumler2016men,
  title={Men's knowledge of their own fertility: a population-based survey examining the awareness of factors that are associated with male infertility},
  author={Daumler, D and Chan, P and Lo, KC and Takefman, J and Zelkowitz, P},
  journal={Human Reproduction},
  pages={1--10},
  year={2016},
  publisher={Oxford University Press}
}

@article{dudel2021male,
  title={Male--female fertility differentials across 17 high-income countries: Insights from a new data resource},
  author={Dudel, Christian and Kl{\"u}sener, Sebastian},
  journal={European Journal of Population},
  volume={37},
  number={2},
  pages={417--441},
  year={2021},
  publisher={Springer}
}

@article{dudel2019estimating,
  title={Estimating men’s fertility from vital registration data with missing values},
  author={Dudel, Christian and Kl{\"u}sener, Sebastian},
  journal={Population Studies},
  volume={73},
  number={3},
  pages={439--449},
  year={2019},
  publisher={Taylor \& Francis}
}

@book{dudel2020unexplored,
  title={The unexplored parental age gap in an era of fertility postponement},
  author={Dudel, Christian and Chengv, Yen-hsin Alice and Kl{\"u}sener, Sebastian},
  year={2020},
  publisher={Max Planck Institute for Demographic Research Rostock}
}

@incollection{kuczynski1932fertility,
  title={Fertility and reproduction: Methods of measuring the balance of births and deaths},
  author={Kuczynski, Robert Ren{\'e}},
  booktitle={Fertility and Reproduction},
  year={1932},
  publisher={De Gruyter}
}

@article{gerber2014two,
  title={Two-sex matrix models in assessing population viability: when do male dynamics matter?},
  author={Gerber, Leah R and White, Easton R},
  journal={Journal of Applied Ecology},
  volume={51},
  number={1},
  pages={270--278},
  year={2014},
  publisher={Wiley Online Library}
}

@book{FOZ2021metodos,
  title={M{\'e}todos demogr{\'a}ficos: uma vis{\~a}o desde os pa{\'\i}ses de l{\'\i}ngua portuguesa},
  author={{Grupo de Foz}},
  year={2021},
  publisher={Blucher Open Access}
}

@article{jorge2007analise,
  title={An{\'a}lise da qualidade das estat{\'\i}sticas vitais brasileiras: a experi{\^e}ncia de implanta{\c{c}}{\~a}o do SIM e do SINASC},
  author={Jorge, Maria Helena Prado de Mello and Laurenti, Ruy and Gotlieb, Sabina L{\'e}a Davidson},
  journal={Ci{\^e}ncia \& Sa{\'u}de Coletiva},
  volume={12},
  pages={643--654},
  year={2007},
  publisher={SciELO Public Health}
}
@article{joyner2012quality,
  title={The quality of male fertility data in major US surveys},
  author={Joyner, Kara and Peters, H Elizabeth and Hynes, Kathryn and Sikora, Asia and Taber, Jamie Rubenstein and Rendall, Michael S},
  journal={Demography},
  volume={49},
  number={1},
  pages={101--124},
  year={2012},
  publisher={Duke University Press}
}

@article{karmel1947relations,
  title={The relations between male and female reproduction rates},
  author={Karmel, Peter H},
  journal={Population Studies},
  volume={1},
  number={3},
  pages={249--274},
  year={1947},
  publisher={Taylor \& Francis}
}
@book{little2019statistical,
  title={Statistical analysis with missing data},
  author={Little, Roderick JA and Rubin, Donald B},
  volume={793},
  year={2019},
  publisher={John Wiley \& Sons}
}

@article{badiani1998homens,
  title={Homens brasileiros: Percep{\c{c}}{\~o}es, conhecimentos e atitudes em sa{\'u}de reprodutiva},
  author={Badiani, Rita and Camarano, Ana Am{\'e}lia},
  journal={XI Encontro Nacional de Estudos Populacionais, Anais},
  pages={925--943},
  year={1998}
}

@article{mello1993avaliaccao,
  title={Avalia{\c{c}}{\~a}o do sistema de informa{\c{c}}{\~a}o sobre nascidos vivos e o uso de seus dados em epidemiologia e estat{\'\i}sticas de sa{\'u}de},
  author={Mello Jorge, Maria Helena P de and Gotlieb, Sabina LD and Soboll, Maria L{\'u}cia and Almeida, M{\'a}rcia Furquim de and Latorre, Maria do Ros{\'a}rio},
  journal={Revista de Sa{\'u}de P{\'u}blica},
  volume={27},
  pages={1--46},
  year={1993},
  publisher={SciELO Public Health}
}

@article{little1988test,
  title={A test of missing completely at random for multivariate data with missing values},
  author={Little, Roderick JA},
  journal={Journal of the American statistical Association},
  volume={83},
  number={404},
  pages={1198--1202},
  year={1988},
  publisher={Taylor \& Francis}
}

@article{mason1997explaining,
  title={Explaining fertility transitions},
  author={Mason, Karen Oppenheim},
  journal={Demography},
  volume={34},
  number={4},
  pages={443--454},
  year={1997},
  publisher={Springer}
}

@article{paget1994relational,
  title={A relational Gompertz model of male fertility: Development and assessment},
  author={Paget, W John and Tim{\ae}us, Ian M},
  journal={Population Studies},
  volume={48},
  number={2},
  pages={333--340},
  year={1994},
  publisher={Taylor \& Francis}
}

@inproceedings{petruzalek2016read,
  title={READ. DBC: um pacote para importa{\c{c}}{\~a}o de dados do datasus na linguagem R},
  author={Petruzalek, Daniela},
  booktitle={Anais do XV Congresso Brasileiro de Inform{\'a}tica em Sa{\'u}de [Internet]},
  pages={27--30},
  year={2016}
}


@article{r2021r,
  title={R: A language and environment for statistical computing. URL},
  author={R Core Team and others},
  journal={R Foundation for Statistical Computing: Vienna, Austria},
  year={2021}
}


@article{kyzlinkova2018fatherhood,
  title={Fatherhood in a changing society: Shifts in male fertility patterns},
  author={Kyzlinkova, Renata and {\v{S}}t'astn{\'a}, Anna},
  journal={Sociological Research Online},
  volume={23},
  number={2},
  pages={328--353},
  year={2018},
  publisher={SAGE Publications Sage UK: London, England}
}

@article{olah2008sweden,
  title={Sweden: Combining childbearing and gender equality},
  author={Ol{\'a}h, Livia Sz and Bernhardt, Eva M},
  journal={Demographic research},
  volume={19},
  pages={1105--1144},
  year={2008},
  publisher={JSTOR}
}

@article{DenmarkNordfalk,
 ISSN = {14359871, 23637064},
 URL = {http://www.jstor.org/stable/26350158},
 abstract = {BACKGROUND Studies of trends and tempo corrections of fertility have focused on female rather than male fertility; one reason being that the necessary detailed data are more widely available for mothers than for fathers. OBJECTIVE The objective is to present a demographic overview of the fertility trends of Danish men and women from 1980 to 2010. We review the differences in male and female fertility and perform separate tempo corrections for fathers and mothers. METHODS The material for this study consisted of basic data on male and female fertility. The data included all children born in the period, specified by birth year of the child and age and parity of the mother and father, respectively. We used standard demographic measurements of fertility, primarily the total fertility rate (TFR) and the tempo-corrections as proposed by Bongaarts and Feeney (1998). RESULTS The female fertility rates were generally higher than those for males, but the TFRs of both Danish men and women generally increased over the period. The unadjusted and the adjusted fertility rates had similar patterns for men and women. A negative tempo-effect was more evident for women than for men, and a vanishing effect for men at the end of the period was not similarly observed for women. CONCLUSIONS We have exemplified tempo corrections for male as well as female fertility, and have discussed specific problems in this context. Our study indicates that the postponement of childbearing is about to end for Danish men.},
 author = {Francisca Nordfalk and Ulla A. Hvidtfeldt and Niels Keiding},
 journal = {Demographic Research},
 pages = {1421--1434},
 publisher = {Max-Planck-Gesellschaft zur Foerderung der Wissenschaften},
 title = {TFR for males in Denmark – calculation and tempo-correction},
 urldate = {2024-07-16},
 volume = {32},
 year = {2015}
}

@article{dudel2016estimating,
  title={Estimating male fertility in eastern and western Germany since 1991: A new lowest low?},
  author={Dudel, Christian and Kl{\"u}sener, Sebastian},
  journal={Demographic Research},
  volume={35},
  pages={1549--1560},
  year={2016},
  publisher={JSTOR}
}

@article{office2009patterns,
  title={ - Office for National Statistics. Patterns of fatherhood in England and Wales, 1964--2007},
  author={ONS},
  volume={136},
     issn = {2040-1590},
	url = {https://doi.org/10.1057/pt.2009.21},
	doi = {10.1057/pt.2009.21},
	number = {1},
	journal = {Population Trends},
	month = jun,
	year = {2009},
	pages = {103--107},
}



@book{rede2002indicadores,
  title={Rede Interagencial de Informa{\c{c}}{\~o}es para a Sa{\'u}de. Indicadores b{\'a}sicos para a sa{\'u}de no Brasil: conceitos e aplica{\c{c}}{\~o}es},
  author={RIPSA},
  year={2008},
  publisher={Organiza{\c{c}}{\~a}o Pan-Americana da Sa{\'u}de},
url={http://tabnet.datasus.gov.br/tabdata/livroidb/2ed/indicadores.pdf}
}

@article{saldanha2019microdatasus,
  title={Microdatasus: pacote para download e pr{\'e}-processamento de microdados do Departamento de Inform{\'a}tica do SUS (DATASUS)},
  author={Saldanha, Raphael de Freitas and Bastos, Ronaldo Rocha and Barcellos, Christovam},
  journal={Cadernos de Sa{\'u}de P{\'u}blica},
  volume={35},
  pages={e00032419},
  year={2019},
  publisher={SciELO Public Health}
}

@inproceedings{wong2022fecundidade,
  title={Fecundidade masculina e as suas diversidades no Brasil: um estudo explorat{\'o}rio utilizando os dados na Pesquisa Nacional de Sa{\'u}de de 2019},
  author={Wong, Laura L{\'\i}dia Rodr{\'\i}guez and Ribeiro, Paula Miranda and Sim{\~a}o, Andr{\'e}a Branco and Dos Santos, Matheus Menezes},
  booktitle={Congreso Latino Americano de Estudios de Poblaci{\'o}n},
  year={2022},
  organization={Universidade Federal de Minas Gerais}
}

@inproceedings{wong2020LatinA,
  title={Male fertility in Latin America: an analysis of temporal evolution and nuptiality differentials},
  author={Wong, Laura L{\'\i}dia Rodr{\'\i}guez and Dos Santos, Matheus Menezes},
  booktitle={Congreso Latino Americano de Estudios de Poblaci{\'o}n},
  year={2020},
  organization={Universidade Federal de Minas Gerais}
}



@InProceedings{Wong1986,
  title={O comportamento do registro atrasado de
nascimentos segundo a declaração de idade dos pais},
  author={Laura L{\'\i}dia Wong, S R {Perillo}},
  maintitle  = {Anais do V Encontro Nacional de Estudos Populacionais 1986},
  eventtitle = {V Encontro Nacional de Estudos Populacionais},
  eventdate  = {1986},
  year={1986},
  publisher={ABEP}
}

@article{schoen1985population,
  title={Population growth and the birth squeeze},
  author={Schoen, Robert},
  journal={Social Science Research},
  volume={14},
  number={3},
  pages={251--265},
  year={1985},
  publisher={Elsevier}
}

@article{schoumaker2019male,
  title={Male fertility around the world and over time: How different is it from female fertility?},
  author={Schoumaker, Bruno},
  journal={Population and Development Review},
  pages={459--487},
  year={2019},
  publisher={JSTOR}
}

@article{schoumaker2017measuring,
  title={Measuring male fertility rates in developing countries with Demographic and Health Surveys: An assessment of three methods},
  author={Schoumaker, Bruno},
  journal={Demographic Research},
  volume={36},
  pages={803--850},
  year={2017},
  publisher={JSTOR}
}

@article{tierney2018expanding,
  title={Expanding tidy data principles to facilitate missing data exploration, visualization and assessment of imputations},
  author={Tierney, Nicholas J and Cook, Dianne H},
  journal={arXiv preprint arXiv:1809.02264},
  year={2018}
}

@article{tragaki2014male,
  title={Male fertility in Greece: Trends and differentials by education level and employment status},
  author={Tragaki, Alexandra and Bagavos, Christos},
  journal={Demographic Research},
  volume={31},
  pages={137--160},
  year={2014},
  publisher={JSTOR}
}

@misc{unstatsu25:online2001,
author = {UNSD},
title = {- United Nations Statistics Division. Department of Economic and Social Affairs. United Nations Demographic Yearbook 2001},
howpublished = {\url{https://unstats.un.org/unsd/demographic/products/dyb/DYB2001/Introduction.pdf}},
publisher = {United Nations},
year = {2003},
note = {(Acesso em 07/02/2024)}
}



@article{pison1986demographic,
  title={A demographic study of polygyny},
  author={Pison, G},
  journal={Population},
  volume={41},
  number={1},
  pages={93--122},
  year={1986}
}

@article{keilman2014measures,
  title={Measures for human reproduction should be linked to both men and women},
  author={Keilman, Nico and Tymicki, Krzysztof and Skirbekk, Vegard},
  journal={International Journal of Population Research},
  volume={2014},
  number={1},
  pages={908385},
  year={2014},
  publisher={Wiley Online Library}
}

@misc{desa2022united,
  title={United Nations Department of Economic and Social Affairs, Population Division. World Population Prospects 2022: Summary of Results},
  author={DESA, UN},
  year={2022}
}

@book{unies2004handbook,
  title={Handbook on the collection of fertility and mortality data},
  author={Unies, Nations},
  year={2004},
  publisher={UN}
}

@book{united2014principles,
  title={Principles and recommendations for a vital statistics system},
  author={{United Nations. Statistical Office}},
  number={19},
  year={2014},
  publisher={UN}
}

@article{van2011mice,
  title={mice: Multivariate imputation by chained equations in R},
  author={Van Buuren, Stef and Groothuis-Oudshoorn, Karin},
  journal={Journal of statistical software},
  volume={45},
  pages={1--67},
  year={2011}
}


@misc{unstatsu25:online,
author = {UNSD},
title = {United Nations Statistics Division. Demographic Yearbook – 2022. Historical index},
howpublished = {\url{https://unstats.un.org/unsd/demographic-social/products/dyb/documents/DYB2022/Index-En.pdf}},
month = {},
year = {2022},
note = {Acesso em 07/04/2024}
}

@misc{unstatsu2022Nota,
author = {UNSD},
title = { United Nations Statistics Division. Demographic Yearbook – 2022. Notas da tabela 11},
howpublished = {\url{https://unstats.un.org/unsd/demographic-social/products/dyb/documents/DYB2022/Notes11.pdf}},
month = {},
year = {2022},
note = {Acesso em 07/17/2024}
}

@article{giffin1999homens,
  title={Homens e reprodu{\c{c}}{\~a}o},
  author={Giffin, Karen and Cavalcanti, Cristina},
  journal={Estudos feministas},
  volume={7},
  number={1/2},
  pages={53--71},
  year={1999},
  publisher={JSTOR}
}


@book{enders2022applied,
  title={Applied missing data analysis},
  author={Enders, Craig K},
  year={2022},
  publisher={Guilford Publications}
}

@inproceedings{schoumaker2014crisscross,
  title={The crisscross method to evaluate data quality in fertility surveys},
  author={Schoumaker, Bruno},
  booktitle={Population Association of America},
  year={2014}
}



@article{oliveira_o_nodate,
	title = {O lugar dos homens na reprodução},
	author = {Oliveira, Maria Coleta},
	langid = {portuguese},
	file = {Oliveira - O lugar dos homens na reprodução.pdf:files/801/Oliveira - O lugar dos homens na reprodução.pdf:application/pdf},
}

@article{costa2009avaliaccao,
  title={Avalia{\c{c}}{\~a}o da completitude das vari{\'a}veis da Declara{\c{c}}{\~a}o de Nascido Vivo de residentes em Pernambuco, Brasil, 1996 a 2005},
  author={Costa, Juliana Martins Barbosa da Silva and Frias, Paulo Germano de},
  journal={Cadernos de Sa{\'u}de P{\'u}blica},
  volume={25},
  pages={613--624},
  year={2009},
  publisher={SciELO Brasil}
}

@article{bonilha2018cobertura,
  title={Cobertura, completude e confiabilidade das informa{\c{c}}{\~o}es do Sistema de Informa{\c{c}}{\~o}es sobre Nascidos Vivos de maternidades da rede p{\'u}blica no munic{\'\i}pio de S{\~a}o Paulo, 2011},
  author={Bonilha, Eliana de Aquino and Vico, Eneida Sanches Ramos and Freitas, Marina de and Barbuscia, Denise Machado and Galleguillos, Tatiana Gabriela Brassea and Okamura, Mirna Namie and Santos, Patr{\'\i}cia Carla dos and Lira, Margarida Maria Ten{\'o}rio de Azevedo and Torloni, Maria Regina},
  journal={Epidemiologia e Servi{\c{c}}os de Sa{\'u}de},
  volume={27},
  pages={e201712811},
  year={2018},
  publisher={SciELO Brasil}
}

@article{bonilha2018coverage,
  title={Coverage, completeness and reliability of the data in the Information System on Live Births in public maternity wards in the municipality in S{\~a}o Paulo, Brazil, 2011},
  author={Bonilha, Eliana de Aquino and Vico, Eneida Sanches Ramos and Freitas, Marina de and Barbuscia, Denise Machado and Galleguillos, Tatiana Gabriela Brassea and Okamura, Mirna Namie and Santos, Patr{\'\i}cia Carla dos and Lira, Margarida Maria Ten{\'o}rio de Azevedo and Torloni, Maria Regina},
  journal={Epidemiologia e Servi{\c{c}}os de Sa{\'u}de},
  volume={27},
  pages={e201712811},
  year={2018},
  publisher={SciELO Brasil}
}

@misc{IBGEVitais1980,
  author       = "IBGE",
  title        = "- Instituto Brasileiro de Geografia e Estatística. Censo demográfico 1980.",
  year         = "1982",
  note         = "Rio de Janeiro"
}

@misc{MSsinasc2009,
  author       = "BRASIL",
  title        = "A experiência brasileira em sistemas de informação em saúde. Volume 1. Prod~ução e disseminação de informações sobre saúde no Brasil",
  howpublished = "Ministério da Saúde, Organização Pan-Americana da Saúde, Fundação
Oswaldo Cruz. – Brasília : Editora do Ministério da Saúde",
  year         = "2009",
  annote       = "Série B. Tesxtos Básicos de Saúde"
}

@InProceedings{completude_sinasc,
  author     = {Jo{\~a}o Gabriel Malaguti and Mirna Tetzner Ramos},
  title      = {O que se perde e o que se tem: An{\'a}lise da qualidade do preenchimento dos dados de {\'o}bitos e nascimentos brasileiros (1994-2021)},
  maintitle  = {Anais II Semana da Demografia da UNICAMP},
  eventtitle = {II Semana da Demografia da UNICAMP},
  eventdate  = {2024},
  venue      = {S{\~a}o Paulo, Brasil},
  publisher  = {Anais II Semana da Demografia da UNICAMP},
  address    = {Campinas},
  year       = {2023},
}


@article{almeida2006validade,
  title={Validade das informa{\c{c}}{\~o}es das declara{\c{c}}{\~o}es de nascidos vivos com base em estudo de caso-controle},
  author={Almeida, M{\'a}rcia Furquim de and Alencar, Gizelton Pereira and Fran{\c{c}}a Jr, Ivan and Novaes, Hillegonda Maria Dutilh and Siqueira, Arnaldo Augusto Franco de and Schoeps, Daniela and Campbell, Oona and Rodrigues, Laura Cunha},
  journal={Cadernos de Sa{\'u}de P{\'u}blica},
  volume={22},
  pages={643--652},
  year={2006},
  publisher={SciELO Brasil}
}



@article{gabriel2014evaluation,
  title={Evaluation of data on live birth certificates from the Information System on Live Births (SINASC) in Campinas, S{\~a}o Paulo, 2009},
  author={Gabriel, Guilherme Paiva and Chiquetto, Let{\'\i}cia and Morcillo, Andr{\'e} Moreno and Ferreira, Maria do Carmo and Bazan, Ivan Gilberto M and Daolio, Lu{\'\i}sa Dias and Lemos, J{\'e}ssica J Rocha and Carniel, Em{\'\i}lia de Faria},
  journal={Revista Paulista de Pediatria},
  volume={32},
  pages={183--188},
  year={2014},
  publisher={SciELO Brasil}
}

@article{wong_male_nodate,
	title = {Male fertility in Latin America: an analysis of temporal evolution and nuptiality differentials},
	author = {Wong, Laura Rodríguez},
	langid = {english},
	file = {Wong - Male fertility in Latin America an analysis of te.pdf:files/804/Wong - Male fertility in Latin America an analysis of te.pdf:application/pdf},
}

@article{carvalho2001participaccao,
  title={Participa{\c{c}}{\~a}o masculina na contracep{\c{c}}{\~a}o pela {\'o}tica feminina},
  author={Carvalho, Marta LO and Pirotta, K{\'a}tia and Schor, N{\'e}ia},
  journal={Revista de Sa{\'u}de P{\'u}blica},
  volume={35},
  pages={23--31},
  year={2001},
  publisher={SciELO Public Health}
}

@article{franco_agora_nodate,
	title = {Agora é com os pais! Fecundidade na adolescência e juventude na perspectiva masculina em Belo Horizonte e Região Metropolitana},
	author = {Franco, Carla Gomes},
	langid = {portuguese},
	file = {Franco - Agora é com os pais! Fecundidade na adolescência e.pdf:files/806/Franco - Agora é com os pais! Fecundidade na adolescência e.pdf:application/pdf},
}

@article{de_carvalho_fecundidade_nodate,
	title = {{FECUNDIDADE} E {SAÚDE} {SEXUAL} E {REPRODUTIVA} {MASCULINA} {NO} {BRASIL}: {POSSIBILIDADES} A {PARTIR} {DE} {BASE} {DE} {DADOS} {POPULACIONAIS}.},
	author = {de Carvalho, Angelita Alves},
	langid = {portuguese},
	file = {de Carvalho - FECUNDIDADE E SAÚDE SEXUAL E REPRODUTIVA MASCULINA.pdf:files/808/de Carvalho - FECUNDIDADE E SAÚDE SEXUAL E REPRODUTIVA MASCULINA.pdf:application/pdf},
}

@article{carvalho_apoio_2000,
	title = {Apoio: a forma predominante de participação masculina na regulação da fecundidade do casal},
	volume = {9},
	issn = {0104-1290},
	url = {http://www.scielo.br/scielo.php?script=sci_arttext&pid=S0104-12902000000100005&lng=pt&tlng=pt},
	doi = {10.1590/S0104-12902000000100005},
	shorttitle = {Apoio},
	abstract = {254 mulheres em idade reprodutiva, usuárias de métodos contraceptivos reversíveis, que referiam ter parceiro sexual, foram entrevistadas em seus domicílios, na região sul de São Paulo, com o objetivo de identificar como elas definem as formas de participação masculina na contracepção, a partir da percepção sobre atitudes de seus parceiros, 82,7\% das entrevistadas referiram que seus parceiros participavam do processo de regulação da fecundidade, apesar de 78,8\% delas usarem métodos femininos, o que aponta para a desvinculação entre o tipo de método contraceptivo usado e a percepção dessas mulheres a respeito da participação masculina na regulação da fecundidade do casal. Observou-se neste estudo que a forma predominante de participação masculina na contracepção esteve associada à função de apoio ao uso de método feminino de alta eficácia. Observou-se, nas respostas das mulheres, que estas assumem a contracepção como uma tarefa de sua responsabilidade, e o papel do homem como acessório, de apoio à essa função.
          , 
            Two hundred and fifty four women of childbearing age, using reversible contraceptive methods and reporting to have sexual partners were interviewed in their houses, in the Southern region of São Paulo. The objective was to identifity how they define male participation in contraception, based on the perception of attitudes of their partners. Out of the 254 subjects, 82,7\% mentioned their partners participated in the fertility regulation process, although 78,8\% of them used female methods. This points out to a separation between the kind of contraceptive method used and the perception of these women of the male participation in regulating the couple fertility. It was observed that the predominating form of male participation in contraception was associated to support the high-efficacy female method used. It was also verified that women, according to their answers, consider contraception as their responsibility, and men play an accessory role, supporting this task.},
	pages = {61--76},
	number = {1},
	journaltitle = {Saúde e Sociedade},
	shortjournal = {Saude soc.},
	author = {Carvalho, Marta Lúcia O. and Pirotta, Katia Cibelle Machado and Schor, Neia},
	urldate = {2024-06-20},
	date = {2000-12},
	langid = {portuguese},
	file = {Carvalho et al. - 2000 - Apoio a forma predominante de participação mascul.pdf:files/810/Carvalho et al. - 2000 - Apoio a forma predominante de participação mascul.pdf:application/pdf},
}

@article{wong_fecundidade_nodate,
	title = {Fecundidade masculina e as suas diversidades no Brasil: um estudo exploratório utilizando os dados na Pesquisa Nacional de Saúde de 2019 (Versão preliminar)},
	author = {Wong, Laura L R and Simão, Andréa Branco and Miranda-Ribeiro, Paula},
	langid = {portuguese},
	file = {Wong et al. - Fecundidade masculina e as suas diversidades no Br.pdf:files/844/Wong et al. - Fecundidade masculina e as suas diversidades no Br.pdf:application/pdf},
}

@inproceedings{falcao_fecundidade_2013,
        title = {Fecundidade Masculina –Fecundidade Feminina – Rela{\c{c}}{\~a}o de Gênero},
	author = {Falc{\~a}o, Kaique},
	year = {2016},
	langid = {portuguese},
	keywords = {registro administrativo,           calcula {TFT}},
    	file = {Falc{\~a}o - 2013 - Fecundidade        Masculina – Fecundidade Feminina – Rel.pdf:files/1027/Falcão - 2013 - Fecundidade Masculina – Fecundidade Feminina – Rel.pdf:application/pdf},
        publisher={Anais do XX Encontro nacional de estudos populacionais}
}


@article{rutenberg_instituto_nodate,
	title = {{INSTITUTO} {PARA} {DESENVOLVIMENTO}},
	author = {Rutenberg, Naomi and Ochoa, Luis Hernando and Alíaga, Alfredo and Ortuzar, Julio and Baez, Marly Cordeiro},
	langid = {portuguese},
	file = {Rutenberg et al. - INSTITUTO PARA DESENVOLVIMENTO.pdf:files/1697/Rutenberg et al. - INSTITUTO PARA DESENVOLVIMENTO.pdf:application/pdf},
}

@article{franco_os_nodate,
	title = {Os homens, esses desconhecidos...(masculinidade e reprodução)},
	author = {Franco, {MariaEmíliade}},
	langid = {portuguese},
	file = {Franco - Entrevistadores- São Paulo.pdf:files/1716/Franco - Entrevistadores- São Paulo.pdf:application/pdf},
}

@article{siqueira_saue_2000,
	title = {{SAÚDE} E {DIREITOS} {REPRODUTIVOS}: O {QUE} {OS} {HOMENS} {TÊM} A {VER} {COM} {ISSO}?},
	author = {Siqueira, Maria Juracy Toneli},
	date = {2000},
	langid = {portuguese},
	file = {Siqueira - 2000 - SAÚDE E DIREITOS REPRODUTIVOS O QUE OS HOMENS TÊM.pdf:files/1767/Siqueira - 2000 - SAÚDE E DIREITOS REPRODUTIVOS O QUE OS HOMENS TÊM.pdf:application/pdf},
}




@article{oliveira2007lugar,
  title={O lugar dos homens na reprodu{\c{c}}{\~a}o},
  author={Oliveira, MCFA},
  journal={GUTI{\'E}RREZ, Maria Al{\'\i}cia. G{\'e}nero, familias y trabajo: rupturas y continuidades. Buenos Aires: CLACSO},
  pages={223--238},
  year={2007}
}

@article{oliveira1999homens,
  title={Os Homens, Esses Desconhecidos (Masculinidade e Reprodu{\c{c}}{\~a}o)},
  author={Oliveira, MC and BILAC, Elisabete D and LEAL, GF},
  journal={Sao Paulo},
  year={1999}
}

#--------






















#------------------------
#BASE DE DADOS

@article{silvestrin2018avaliaccao,
  title={Avalia{\c{c}}{\~a}o da incompletude da vari{\'a}vel escolaridade materna nos registros das Declara{\c{c}}{\~o}es de Nascidos Vivos nas capitais brasileiras-1996 a 2013},
  author={Silvestrin, Sonia and Buriol, Viviane Costa de Souza and Silva, Cl{\'e}cio Homrich da and Goldani, Marcelo Zubaran},
  journal={Cadernos de Sa{\'u}de P{\'u}blica},
  volume={34},
  pages={e00039217},
  year={2018},
  publisher={SciELO Public Health}
}

@article{szwarcwald2019evaluation,
  title={Evaluation of data from the brazilian information system on live births (SINASC)},
  author={Szwarcwald, C{\'e}lia Landmann and Leal, Maria do Carmo and Esteves-Pereira, Ana Paula and Almeida, Wanessa da Silva de and Frias, Paulo Germano de and Damacena, Giseli Nogueira and Souza J{\'u}nior, Paulo Roberto Borges de and Rocha, Narayani Martins and Mullachery, Priscila Melissa Honorato},
  journal={Cadernos de Saude Publica},
  volume={35},
  pages={e00214918},
  year={2019},
  publisher={SciELO Brasil}
}

@misc{BRMSlegislacao2009,
  organization={Brasil},
  title        = "Ministério da Saúde.Legislação Relativa aos Sistemas de
Informações sobre Mortalidade (SIM) e sobre Nascidos Vivos (SINASC)",
  howpublished = "online",
  year         = "2009",
  note         = "[recurso eletrônico] / Ministério da Saúde, Secretaria de Vigilância em Saúde, Departamento de Análise Epidemiológica e Vigilância de Doenças Não Transmissíveis.",
annote = "Série E. Legislação de Saúde, Versão preliminar",
url="ftp://ftp.datasus.gov.br/dissemin/publicos/sim/CID10/DOCS/Legislacao_PDF.pdf"
}

@Article{Lei:8.069:1990,
  author       = {BRASIL},
  title        = {LEI Nº 8.069, de 13 de julho de1990},
  nota         = {Dispõe sobre o Estatuto da Criança e do Adolescente e dá outras providências.},
  journal      = {Diário Oficial [da] República Federativa do Brasil},
  year         = {1990},
  date         = {1990-06-13},
  organization = {Brasil},
  url          = {https://www.planalto.gov.br/ccivil_03/leis/l8069.htm},
  urldate      = {2024-06-24},
  address      = {Brasília, DF},
  shorttitle   = {Lei nº 8.069/1990}
}

@misc{BRmanualDNV2022,
  organization={Brasil},
  title        = "Ministério da Saúde. Declaração de Nascido Vivo: manual de instruções para preenchimento",
  howpublished = "online",
  year         = "2022",
  note         = "[recurso eletrônico] / Ministério da Saúde, Secretaria de Vigilância em Saúde,
Departamento de Análise Epidemiológica e Vigilância de Doenças Não Transmissíveis.",
annote = "Série A. Normas e Manuais Técnicos.– 4. ed.",
url="https://bvsms.saude.gov.br/bvs/publicacoes/declaracao_nascido_vivo_manual_4ed.pdf"
}

@misc{BRmanualDNV2011,
  organization={Brasil},
  title = "Ministério da Saúde. Manual de Instruções para o preenchimento da
Declaração de Nascido Vivo",
  howpublished = "online",
  year         = "2011",
  note         = "Secretaria de Vigilância em Saúde",
annote = "Série A. Normas e Manuais Técnicos.",
url="https://www.rio.rj.gov.br/dlstatic/10112/1303622/4115328/Manual_Instr_PreenchimentoDN_2011.pdf"
}


@misc{BRmanualDNV2001,
  organization={Brasil},
  title = "Ministério da Saúde. FUNDAÇÃO NACIONAL DE SAÚDE. Manual de Instruções para o preenchimento da
Declaração de Nascido Vivo",
  howpublished = "online",
  year         = "2001",
  note         = "Secretaria de Vigilância em Saúde",
url="portal.saude.gov.br/portal/arquivos/pdf/declaracao_nasc_vivo.pdf"
}

@misc{BRConsolidacaoSINASC2011,
  organization={Brasil},
  title = "Ministério da Saúde. Secretaria de
Vigilância em Saúde. Coordenação Geral de Informações e Análise Epidemiológica. Consolidação do Sistema de Informações sobre Nascidos Vivos - 2011",
  howpublished = "online",
  year         = "2013",
  note         = "Secretaria de Vigilância em Saúde",
url="http://tabnet.datasus.gov.br/cgi/sinasc/Consolida_Sinasc_2011.pdf#page=8.08"
}


@misc{BRlayout2009Notatecnica,
  organization={Brasil},
  title        = "Ministério da Saúde. NOTA TÉCNICA Nº 195/2021-CGIAE/DASNT/SVS/MS",
  howpublished = "online",
  month        = "setembro",
  year         = "2021",
  note         = "Secretaria de Vigilância em Saúde",
  annote       = "Orientar gestores e interlocutores do Sistema de Informações sobre Nascidos Vivos
(Sinasc) a respeito das alterações realizadas no layout da Declaração de Nascido Vivo – DNV.",
url="https://www.spsp.org.br/PDF/NOTA%20TE%CC%81CNICA%20N%20195_2021_CGIAE_DASNT_SVS_MS_SEI_MS_0022789561%20(2).pdf"
}

@misc{BRfluxo2009portaria,
  organization= {Brasil},
  title        = "Ministério da Saúde. PORTARIA Nº 116, DE 11 DE FEVEREIRO DE 2009.",
  address={Brasília - DF},
  howpublished = "online",
  month        = "fevereiro",
  year         = "2009",
  note         = "Secretaria de Vigilância em Saúde",
  annote       = "Regulamenta a coleta de dados, fluxo e periodicidade de envio das informações sobre óbitos e nascidos vivos para os Sistemas de Informações em Saúde sob gestão da Secretaria de Vigilância em Saúde.",
url="https://bvsms.saude.gov.br/bvs/saudelegis/svs/2009/prt0116_11_02_2009.html"
}


# cap 4 Métodos:
@article{donders2006gentle,
  title={A gentle introduction to imputation of missing values},
  author={Donders, A Rogier T and Van Der Heijden, Geert JMG and Stijnen, Theo and Moons, Karel GM},
  journal={Journal of clinical epidemiology},
  volume={59},
  number={10},
  pages={1087--1091},
  year={2006},
  publisher={Elsevier}
}

@book{Little2002-cv,
  title     = "Statistical analysis with missing data",
  author    = "Little, Roderick J A and Rubin, Donald B",
  publisher = "John Wiley \& Sons, Inc.",
  month     =  aug,
  year      =  2002,
  address   = "Hoboken, NJ, USA"
}

@book{allison2001missing,
  title={Missing Data. Thousand Oaks, CA: Sage},
  author={Allison, Paul},
  year={2001},
publisher = "SAGE Publications, Inc.",
   note ={\url{https://doi.org/10.4135/9781412985079}}
}


@misc{ministerio2009pesquisa,
  title={Minist{\'e}rio da Sa{\'u}de. Pesquisa Nacional de Demografia e Sa{\'u}de da Crian{\c{c}}a e da Mulher-PNDS 2006: dimens{\~o}es do processo reprodutivo e da sa{\'u}de da crian{\c{c}}a},
  author={MS},
  year={2009},
  publisher={Minist{\'e}rio da Sa{\'u}de Bras{\'\i}lia}
}


@article{li2022two,
  title={A two-sex renewal model and its population projection},
  author={Li, Nan},
  journal={Theoretical Population Biology},
  volume={143},
  pages={46--51},
  year={2022},
  publisher={Elsevier}
}


@article{shyu2018mating,
  title={Mating, births, and transitions: a flexible two-sex matrix model for evolutionary demography},
  author={Shyu, Esther and Caswell, Hal},
  journal={Population Ecology},
  volume={60},
  pages={21--36},
  year={2018},
  publisher={Springer}
}

@article{caswell2022formal,
  title={The formal demography of kinship IV},
  author={Caswell, Hal},
  journal={Demographic Research},
  volume={47},
  pages={359--396},
  year={2022},
  publisher={JSTOR}
}


@article{rubin1976inference,
  title={Inference and missing data},
  author={Rubin, Donald B},
  journal={Biometrika},
  volume={63},
  number={3},
  pages={581--592},
  year={1976},
  publisher={Oxford University Press}
}

@ARTICLE{Newman2014-gs,
  title     = "Missing data",
  author    = "Newman, Daniel A",
  abstract  = "Missing data (a) reside at three missing data levels of analysis
               (item-, construct-, and person-level), (b) arise from three
               missing data mechanisms (missing completely at random, missing
               at random, and missing not at random) that range from completely
               random to systematic missingness, (c) can engender two missing
               data problems (biased parameter estimates and inaccurate
               hypothesis tests/inaccurate standard errors/low power), and (d)
               mandate a choice from among several missing data treatments
               (listwise deletion, pairwise deletion, single imputation,
               maximum likelihood, and multiple imputation). Whereas all
               missing data treatments are imperfect and are rooted in
               particular statistical assumptions, some missing data treatments
               are worse than others, on average (i.e., they lead to more bias
               in parameter estimates and less accurate hypothesis tests).
               Social scientists still routinely choose the more biased and
               error-prone techniques (listwise and pairwise deletion), likely
               due to poor familiarity with and misconceptions about the less
               biased/less error-prone techniques (maximum likelihood and
               multiple imputation). The current user-friendly review provides
               five easy-to-understand practical guidelines, with the goal of
               reducing missing data bias and error in the reporting of
               research results. Syntax is provided for correlation, multiple
               regression, and structural equation modeling with missing data.",
  journal   = "Organ. Res. Methods",
  publisher = "SAGE Publications",
  volume    =  17,
  number    =  4,
  pages     = "372--411",
  month     =  oct,
  year      =  2014,
  language  = "en"
}


@phdthesis{nunes2007metodos,
     title={M{\'e}todos de imputa{\c{c}}{\~a}o de dados aplicados na {\'a}rea da sa{\'u}de},    
    author={Nunes, Luciana Neves},
    school ={Universidade Federal do Rio Grande do Sul. Faculdade de Medicina. Programa de P{\'o}s-Gradua{\c{c}}{\~a}o em Epidemiologia},
    year={2007}
}

@article{ayilara2019impact,
  title={Impact of missing data on bias and precision when estimating change in patient-reported outcomes from a clinical registry},
  author={Ayilara, Olawale F and Zhang, Lisa and Sajobi, Tolulope T and Sawatzky, Richard and Bohm, Eric and Lix, Lisa M},
  journal={Health and quality of life outcomes},
  volume={17},
  pages={1--9},
  year={2019},
  publisher={Springer}
}

@book{zhang2010male,
  title={Male fertility patterns and determinants},
  author={Zhang, Li},
  volume={27},
  year={2010},
  publisher={Springer Science \& Business Media}
}

@UNPUBLISHED{Caswell2022-zu,
  title    = "The formal demography of kinship {IV}: Two-sex models",
  author   = "Caswell, Hal",
  abstract = "Abstract Background Previous kinship models analyze female kin
              through female lines of descent, neglecting male kin and male
              lines of descent. Because males and females differ in mortality
              and fertility, including both sexes in kinship models is an
              important unsolved problem.ObjectivesThe objectives are to
              develop a kinship model including female and male kin through all
              lines of descent, to explore approximations when full
              sex-specific rates are unavailable, and to apply the model to
              several populations as an example.MethodsThe kin of a focal
              individual form an age$\times$sex-classified population and are
              projected as Focal ages using matrix methods, providing expected
              age-sex structures for every type of kin at every age of Focal.
              Initial conditions are based on the distribution of ages at
              maternity and paternity.ResultsThe equations for two-sex kinship
              dynamics are presented. As an example, the model is applied to
              populations with large (Senegal), medium (Haiti), and small
              (France) differences between female and male fertility. Results
              include numbers and sex ratios of kin as Focal ages. An
              approximation treating female and male rates as identical
              provides some insight into kin numbers, even when male and female
              rates are very different.ContributionMany demographic and
              sociological parameters (e.g., aspects of health, bereavement,
              labor force participation) differ markedly between the sexes.
              This model permits analysis of such parameters in the context of
              kinship networks. The matrix formulation makes it possible to
              extend the two-sex analysis to include kin loss, multistate kin
              demography, and time varying rates.",
  journal  = "bioRxiv",
  month    =  "jan",
  year     =  "2022"
}

@article{zhang2021tutorial,
  title={Tutorial: How to Generate Missing Data For Simulation Studies},
  author={Zhang, Xijuan},
  year={2021},
  publisher={PsyArXiv}
}

@misc{instituto2021pesquisa,
  title={ - Instituto Brasileiro de Geografia e Estat{\'\i}stica. Pesquisa Nacional de Sa{\'u}de: 2019: ciclos de vida-Brasil.},
  author={IBGE},
  year={2021},
  publisher={Diretoria de Pesquisas and Coordena{\c{c}}{\~a}o de Trabalho e Rendimento. IBGE Rio de Janeiro}
}


@report{bemfam_brasil_1997,
	location = {Calverton, Maryland, {USA}},
	title = {Sociedade Civil Bem-Estar Familiar no Brasil - Brasil Pesquisa Nacional Sobre Demografia e Sa{\'u}de 1996},
	url = {http://dhsprogram.com/pubs/pdf/FR77/FR77.pdf},
	institution = {Sociedade Civil Bem-Estar Familiar no Brasil - {BEMFAM} - and Macro International},
	author = {{BEMFAM} and {Macro International}},
	year = {1997}
}


@article{gonccalves2019transiccao,
  title={A transi{\c{c}}{\~a}o da fecundidade no Brasil ao longo do s{\'e}culo XX--uma perspectiva regional},
  author={Gon{\c{c}}alves, Guilherme Quaresma and Carvalho, Jos{\'e} Alberto Magno de and Wong, Laura L{\'\i}dia Rodr{\'\i}guez and Turra, C{\'a}ssio Maldonado},
  journal={Revista Brasileira de Estudos de Popula{\c{c}}{\~a}o},
  volume={36},
  pages={e0098},
  year={2019},
  publisher={SciELO Brasil}
}
@misc{berquo2014notas,
  title={Notas sobre os diferenciais educacionais e econ{\^o}micos da fecundidade no Brasil},
  author={Berqu{\'o}, Elza S and Cavenaghi, Suzana M},
  journal={Revista Brasileira de Estudos de Popula{\c{c}}{\~a}o},
  volume={31},
  pages={471--482},
  year={2014},
  publisher={SciELO Brasil}
}

@article{wong1984niveis,
  title={N{\'\i}veis e diferenciais de fecundidade para o Brasil segundo os dados censit{\'a}rios de 1980 (notas preliminares)},
  author={WONG, LLR and OLIVEIRA, J de C},
  journal={ENCONTRO NACIONAL DE ESTUDOS POPULACIONAIS},
  volume={4},
  year={1984}
}

@article{wong1983fecundidade,
  title={Fecundidade no Brasil (urbano e rural): aplica{\c{c}}{\~a}o do m{\'e}todo dos filhos pr{\'o}prios ao censo de 1970},
  author={WONG, LR},
  journal={Informe Demogr{\'a}fico},
  volume={1},
  number={9},
  pages={53--98},
  year={1983}
}




@book{ibge1993,
	Address = {Rio de Janeiro},
	Author = {IBGE},
	Date-Added = {2013-08-21 13:56:10 +0000},
	Date-Modified = {2013-08-21 13:56:10 +0000},
	Edition = {3},
	Organization = {http://biblioteca.ibge.gov.br/visualizacao/livros/liv23907.pdf},
	Publisher = {Centro de Documenta{\c c}{\~a}o e Dissemina{\c c}{\~a}o de Informa{\c c}{\~o}es. Funda{\c c}{\~a}o Intituto Brasileiro de Geografia e Estat{\'\i}stica},
	Title = {Normas de apresenta{\c c}{\~a}o tabular},
	Urlaccessdate = {21 ago 2013},
	Year = {1993}}

@misc{abntex2-wiki-como-customizar,
	Author = {abnTeX2},
	Date-Added = {2013-03-23 21:39:21 +0000},
	Date-Modified = {2013-03-23 21:44:20 +0000},
	Howpublished = {Wiki do abnTeX2},
	Keywords = {wiki},
	Title = {Como customizar o abnTeX2},
	Url = {https://code.google.com/p/abntex2/wiki/ComoCustomizar},
	Urlaccessdate = {23 mar. 2013},
	Year = {2013},
	Bdsk-Url-1 = {https://code.google.com/p/abntex2/wiki/ComoCustomizar}}

@manual{talbot2012,
	Author = {Nicola L.C. Talbot},
	Date-Added = {2013-03-11 12:06:04 +0000},
	Date-Modified = {2013-03-11 12:06:56 +0000},
	Month = {Nov.},
	Title = {User Manual for glossaries.sty},
	Url = {http://mirrors.ctan.org/macros/latex/contrib/glossaries/glossaries-user.pdf},
	Urlaccessdate = {11 mar. 2013},
	Year = {2012},
	Bdsk-Url-1 = {http://mirrors.ctan.org/macros/latex/contrib/glossaries/glossaries-user.pdf}}






------------------------------------------------------------------------ referencias do modelo
@manual{babel,
	Author = {Johannes Braams},
	Date-Added = {2013-02-17 13:37:14 +0000},
	Date-Modified = {2013-02-17 13:38:38 +0000},
	Month = {Apr.},
	Title = {Babel, a multilingual package for use with LATEX's standard document classes},
	Url = {http://mirrors.ctan.org/info/babel/babel.pdf},
	Urlaccessdate = {17 fev. 2013},
	Year = {2008},
	Bdsk-Url-1 = {http://mirrors.ctan.org/info/babel/babel.pdf}}

@manual{abntex2modelo-artigo,
	Annote = {Este documento {\'e} derivado do \cite{abnt-bibtex-doc}},
	Author = {abnTeX2},
	Date-Added = {2013-01-15 00:10:35 +0000},
	Date-Modified = {2013-02-04 12:05:47 +0000},
	Organization = {Equipe abnTeX2},
	Title = {Modelo Can{\^o}nico de Artigo Cient{\'\i}fico com abnTeX2},
	Url = {http://abntex2.googlecode.com/},
	Year = {2013},
	Bdsk-Url-1 = {http://code.google.com/p/abntex2/}}

@manual{abntex2modelo-relatorio,
	Annote = {Este documento {\'e} derivado do \cite{abnt-bibtex-doc}},
	Author = {abnTeX2},
	Date-Added = {2013-01-15 00:05:34 +0000},
	Date-Modified = {2013-02-04 12:05:50 +0000},
	Organization = {Equipe abnTeX2},
	Title = {Modelo Can{\^o}nico de Relat{\'o}rio T{\'e}cnico e/ou Cient{\'\i}fico com abnTeX2},
	Url = {http://abntex2.googlecode.com/},
	Year = {2013},
	Bdsk-Url-1 = {http://code.google.com/p/abntex2/}}

@manual{abntex2modelo,
	Annote = {Este documento {\'e} derivado do \cite{abnt-bibtex-doc}},
	Author = {abnTeX2},
	Date-Added = {2013-01-12 22:55:32 +0000},
	Date-Modified = {2013-02-04 12:05:54 +0000},
	Organization = {Equipe abnTeX2},
	Title = {Modelo Can{\^o}nico de Trabalho Acad{\^e}mico com abnTeX2},
	Url = {http://abntex2.googlecode.com/},
	Year = {2013},
	Bdsk-Url-1 = {http://code.google.com/p/abntex2/}}

@mastersthesis{araujo2012,
	Address = {Bras{\'\i}lia},
	Author = {Lauro C{\'e}sar Araujo},
	Date-Added = {2013-01-09 11:04:42 +0000},
	Date-Modified = {2013-01-09 11:04:42 +0000},
	Month = {mar.},
	School = {Universidade de Bras{\'\i}lia},
	Subtitle = {uma perspectiva de {A}rquitetura da {I}nforma{\c c}{\~a}o da {E}scola de {B}ras{\'\i}lia},
	Title = {Configura{\c c}{\~a}o},
	Year = {2012}}

@manual{memoir,
	Address = {Normandy Park, WA},
	Author = {Peter Wilson and Lars Madsen},
	Date-Added = {2013-01-09 10:37:50 +0000},
	Date-Modified = {2013-03-21 13:23:25 +0000},
	Organization = {The Herries Press},
	Title = {The Memoir Class for Configurable Typesetting - User Guide},
	Url = {http://mirrors.ctan.org/macros/latex/contrib/memoir/memman.pdf},
	Urlaccessdate = {19 dez. 2012},
	Year = {2010},
	Bdsk-Url-1 = {http://ctan.tche.br/macros/latex/contrib/memoir/memman.pdf}}

@manual{abntex2cite-alf,
	Annote = {Este documento {\'e} derivado do \cite{abnt-bibtex-alf-doc}},
	Author = {abnTeX2 and Lauro C{\'e}sar Araujo},
	Date-Added = {2013-01-09 10:37:45 +0000},
	Date-Modified = {2013-04-05 11:03:05 +0000},
	Organization = {Equipe abnTeX2},
	Title = {O pacote abntex2cite: t{\'o}picos espec{\'\i}ficos da ABNT NBR 10520:2002 e o estilo bibliogr{\'a}fico alfab{\'e}tico (sistema autor-data)},
	Url = {http://abntex2.googlecode.com/},
	Year = {2013},
	Bdsk-Url-1 = {http://code.google.com/p/abntex2/}}

@manual{abntex2cite,
	Annote = {Este documento {\'e} derivado do \cite{abnt-bibtex-doc}},
	Author = {abnTeX2 and Lauro C{\'e}sar Araujo},
	Date-Added = {2013-01-09 10:37:45 +0000},
	Date-Modified = {2013-04-05 10:47:36 +0000},
	Organization = {Equipe abnTeX2},
	Title = {O pacote abntex2cite: Estilos bibliogr{\'a}ficos compat{\'\i}veis com a ABNT NBR 6023},
	Url = {http://abntex2.googlecode.com/},
	Year = {2013},
	Bdsk-Url-1 = {http://code.google.com/p/abntex2/}}

@manual{abntex2classe,
	Author = {abnTeX2 and Lauro C{\'e}sar Araujo},
	Date-Added = {2013-01-09 10:37:38 +0000},
	Date-Modified = {2013-04-05 11:03:48 +0000},
	Organization = {Equipe abnTeX2},
	Title = {A classe abntex2: Modelo can{\^o}nico de trabalhos acad{\^e}micos brasileiros compat{\'\i}vel com as normas ABNT NBR 14724:2011, ABNT NBR 6024:2012 e outras},
	Url = {http://abntex2.googlecode.com/},
	Year = {2013},
	Bdsk-Url-1 = {http://code.google.com/p/abntex2/}}

@manual{NBR10520:2002,
	Address = {Rio de Janeiro},
	Date-Added = {2012-12-15 21:43:38 +0000},
	Date-Modified = {2013-01-12 22:17:20 +0000},
	Month = {ago.},
	Org-Short = {ABNT},
	Organization = {Associa{\c c}\~ao Brasileira de Normas T\'ecnicas},
	Pages = 7,
	Subtitle = {Informa{\c c}\~ao e documenta{\c c}\~ao --- Apresenta{\c c}\~ao de cita{\c c}\~oes em documentos},
	Title = {{NBR} 10520},
	Year = 2002}

@manual{NBR6024:2012,
	Address = {Rio de Janeiro},
	Date-Added = {2012-12-15 21:24:06 +0000},
	Date-Modified = {2012-12-15 21:24:28 +0000},
	Month = {fev.},
	Org-Short = {ABNT},
	Organization = {Associa{\c c}\~ao Brasileira de Normas T\'ecnicas},
	Pages = 4,
	Subtitle = {Numera{\c c}\~ao progressiva das se{\c c}\~oes de um documento},
	Title = {{NBR} 6024},
	Year = 2012}

@manual{NBR6028:2003,
	Address = {Rio de Janeiro},
	Date-Added = {2012-12-15 21:02:12 +0000},
	Date-Modified = {2012-12-15 21:02:50 +0000},
	Month = {nov.},
	Org-Short = {ABNT},
	Organization = {Associa{\c c}\~ao Brasileira de Normas T\'ecnicas},
	Pages = 2,
	Subtitle = {Resumo - Apresenta{\c c}{\~a}o},
	Title = {{NBR} 6028},
	Year = 2003}

@manual{NBR14724:2001,
	Address = {Rio de Janeiro},
	Date-Added = {2012-12-15 20:34:08 +0000},
	Date-Modified = {2012-12-15 20:34:08 +0000},
	Month = {jul.},
	Org-Short = {ABNT},
	Organization = {Associa{\c c}\~ao Brasileira de Normas T\'ecnicas},
	Pages = 6,
	Subtitle = {Informa{\c c}\~ao e documenta{\c c}\~ao --- trabalhos acad\^emicos --- apresenta{\c c}\~ao},
	Title = {{NBR} 14724},
	Year = 2001}

@manual{NBR14724:2002,
	Address = {Rio de Janeiro},
	Date-Added = {2012-12-15 20:34:17 +0000},
	Date-Modified = {2012-12-15 20:34:17 +0000},
	Month = {ago.},
	Org-Short = {ABNT},
	Organization = {Associa{\c c}\~ao Brasileira de Normas T\'ecnicas},
	Pages = 6,
	Subtitle = {Informa{\c c}\~ao e documenta{\c c}\~ao --- trabalhos acad\^emicos --- apresenta{\c c}\~ao},
	Title = {{NBR} 14724},
	Year = 2002}

@manual{NBR14724:2005,
	Address = {Rio de Janeiro},
	Date-Added = {2012-12-15 20:34:08 +0000},
	Date-Modified = {2012-12-15 20:35:25 +0000},
	Month = {dez.},
	Org-Short = {ABNT},
	Organization = {Associa{\c c}\~ao Brasileira de Normas T\'ecnicas},
	Pages = 9,
	Subtitle = {Informa{\c c}\~ao e documenta{\c c}\~ao --- trabalhos acad\^emicos --- apresenta{\c c}\~ao},
	Title = {{NBR} 14724},
	Year = 2005}

@manual{NBR14724:2011,
	Address = {Rio de Janeiro},
	Date-Added = {2012-12-15 20:34:08 +0000},
	Date-Modified = {2012-12-15 20:35:25 +0000},
	Month = {mar.},
	Note = {Substitui a Ref.~\citeonline{NBR14724:2005}},
	Org-Short = {ABNT},
	Organization = {Associa{\c c}\~ao Brasileira de Normas T\'ecnicas},
	Pages = 15,
	Subtitle = {Informa{\c c}\~ao e documenta{\c c}\~ao --- trabalhos acad\^emicos --- apresenta{\c c}\~ao},
	Title = {{NBR} 14724},
	Year = 2011}

@article{van86,
	Author = {{van}, Gigch, John P. and Leo L. Pipino},
	Journal = {Future Computing Systems},
	Number = {1},
	Pages = {71-97},
	Title = {In search for a paradigm for the discipline of information systems},
	Volume = {1},
	Year = {1986}}

@phdthesis{guizzardi2005,
	Address = {Enschede, The Netherlands},
	Author = {Giancarlo Guizzardi},
	Date-Added = {2012-04-23 11:35:28 +0000},
	Date-Modified = {2012-04-23 11:35:28 +0000},
	School = {Centre for Telematics and Information Technology, University of Twente},
	Title = {Ontological Foundations for Structural Conceptual Models},
	Url = {http://www.loa.istc.cnr.it/Guizzardi/SELMAS-CR.pdf},
	Urlaccessdate = {3 jul. 2011},
	Year = {2005},
	Bdsk-Url-1 = {http://www.loa.istc.cnr.it/Guizzardi/SELMAS-CR.pdf}}

@mastersthesis{macedo2005,
	Author = {Fl{\'a}via L. Macedo},
	Date-Added = {2012-04-23 11:35:13 +0000},
	Date-Modified = {2012-04-23 11:35:13 +0000},
	Keywords = {arquitetura da informa{\c c}{\~a}o},
	School = {Universidade de Bras{\'\i}lia},
	Title = {Arquitetura da Informa{\c c}{\~a}o: aspectos espistemol{\'o}gicos, cient{\'\i}ficos e pr{\'a}ticos.},
	Type = {Disserta{\c c}{\~a}o de Mestrado},
	Year = {2005}}

@manual{EIA649B,
	Address = {EUA},
	Date-Added = {2012-04-23 11:34:59 +0000},
	Date-Modified = {2012-04-23 11:34:59 +0000},
	Keywords = {norma},
	Month = {June},
	Organization = {TechAmerica},
	Title = {ANSI/EIA 649-B: Configuration Management Standard},
	Year = {2011}}

@inproceedings{masolo2010,
	Author = {Claudio Masolo},
	Booktitle = {Proceedings of the Twelfth International Conference on the Principles of Knowledge Representation and Reasoning (KR 2010)},
	Date-Added = {2012-04-23 11:34:38 +0000},
	Date-Modified = {2012-04-23 11:34:38 +0000},
	Editor = {Lin, F. and Sattler, U.},
	Pages = {258-268},
	Publisher = {AAAI Press},
	Title = {Understanding Ontological Levels},
	Url = {http://wiki.loa-cnr.it/Papers/kr10v0.7.pdf},
	Urlaccessdate = {2 jan. 2012},
	Year = {2010},
	Bdsk-Url-1 = {http://wiki.loa-cnr.it/Papers/kr10v0.7.pdf}}

@inbook{guarino1995,
	Address = {Vienna},
	Author = {Nicola Guarino},
	Booktitle = {Philosophy and the Cognitive Science},
	Date-Added = {2012-04-23 11:34:29 +0000},
	Date-Modified = {2012-04-23 11:34:29 +0000},
	Editor = {R. Casati and B. Smith and G. White},
	Month = {Sept.},
	Pages = {443-456},
	Publisher = {Holder-Pivhler-Tempsky},
	Title = {The Ontological Level},
	Url = {http://wiki.loa-cnr.it/Papers/OntLev.pdf},
	Urlaccessdate = {2 jan. 2012},
	Year = {1995},
	Bdsk-Url-1 = {http://wiki.loa-cnr.it/Papers/OntLev.pdf}}

@incollection{bates2010,
	Address = {New York},
	Author = {Marcia J. Bates},
	Booktitle = {Encyclopedia of Library and Information Sciences},
	Date-Added = {2012-04-23 11:34:29 +0000},
	Date-Modified = {2012-04-23 11:34:29 +0000},
	Edition = {3rd},
	Editor = {Marcia J. Bates and Mary Niles Maack},
	Pages = {2347-2360},
	Publisher = {CRC Press},
	Title = {Information},
	Url = {http://pages.gseis.ucla.edu/faculty/bates/articles/information.html},
	Urlaccessdate = {24 out. 2011},
	Volume = {3},
	Year = {2010},
	Bdsk-Url-1 = {http://pages.gseis.ucla.edu/faculty/bates/articles/information.html}}

@book{doxiadis1965,
	Author = {Constantinos A. Doxiadis},
	Date-Added = {2012-04-23 11:34:20 +0000},
	Date-Modified = {2012-04-23 11:34:20 +0000},
	Publisher = {Ceira - Coimbra},
	Title = {Arquitetura em Transi{\c c}{\~a}o},
	Year = {1965}}

@book{dewey1980,
	Address = {New York, NY, USA},
	Author = {John Dewey},
	Date-Added = {2012-04-23 11:34:16 +0000},
	Date-Modified = {2012-04-23 11:34:16 +0000},
	Publisher = {Perigee Books},
	Title = {Art as Experience},
	Year = {1980}}